00100000         2251351710001590029459790014       0001080000001350684 ACERTSIS DESENVOLVIMENTO DE SIBANCO DO BRASIL                         23008201901250300082703000000515142865PROCESSAMEN                                                 
00100011T0100020 20251351710001590029459790014       0001080000001350684 ACERTSIS DESENVOLVIMENTO DE SI                                                                                000000003008201900000000  000000000                      
0010001300001T 020001080000001350684 29459790000000011   7               30082019000000000000011001027332                         0900000000000010500000000000000000000000000000000000000   0000000000000000000000000A9A4      170192945979     
0010001300002U 020000000000000000000000000000000000000000000000000000000000000000000000000000000000000000000000000000000000000000000000003008201900000000            000000000000000                              000                           
0010001300003T 020001080000001350684 29459790004000111   7               30082019000000000001111001035297                         0900000000000010500000000000000000000000000000000000000   0000000000000000000000000A9A4      170192945979     
0010001300004U 020000000000000000000000000000000000000000000000000000000000000000000000000000000000000000000000000000000000000000000000003008201900000000            000000000000000                              000                           
0010001300005T 020001080000001350684 29459790010000011   7               30082019000000000000011001027332                         0900000000000010500000000000000000000000000000000000000   0000000000000000000000000A9A4      170192945979     
0010001300006U 020000000000000000000000000000000000000000000000000000000000000000000000000000000000000000000000000000000000000000000000003008201900000000            000000000000000                              000                           
0010001300007T 020001080000001350684 29459790010001011   7               30082019000000000000011001027332                         0900000000000010500000000000000000000000000000000000000   0000000000000000000000000A9A4      170192945979     
0010001300008U 020000000000000000000000000000000000000000000000000000000000000000000000000000000000000000000000000000000000000000000000003008201900000000            000000000000000                              000                           
0010001300009T 020001080000001350684 29459790010010011   7               30082019000000000000011001027332                         0900000000000010500000000000000000000000000000000000000   0000000000000000000000000A9A4      170192945979     
0010001300010U 020000000000000000000000000000000000000000000000000000000000000000000000000000000000000000000000000000000000000000000000003008201900000000            000000000000000                              000                           
0010001300011T 020001080000001350684 29459790010010110   7               30082019000000000000011001027332                         0900000000000010500000000000000000000000000000000000000   0000000000000000000000000A9A4      170192945979     
0010001300012U 020000000000000000000000000000000000000000000000000000000000000000000000000000000000000000000000000000000000000000000000003008201900000000            000000000000000                              000                           
0010001300013T 020001080000001350684 29459790010011011   7               30082019000000000000011001027332                         0900000000000010500000000000000000000000000000000000000   0000000000000000000000000A9A4      170192945979     
0010001300014U 020000000000000000000000000000000000000000000000000000000000000000000000000000000000000000000000000000000000000000000000003008201900000000            000000000000000                              000                           
0010001300015T 020001080000001350684 29459790010011110   7               30082019000000000000011001027332                         0900000000000010500000000000000000000000000000000000000   0000000000000000000000000A9A4      170192945979     
0010001300016U 020000000000000000000000000000000000000000000000000000000000000000000000000000000000000000000000000000000000000000000000003008201900000000            000000000000000                              000                           
0010001300017T 020001080000001350684 29459790010011111   7               30082019000000000000011001027332                         0900000000000010500000000000000000000000000000000000000   0000000000000000000000000A9A4      170192945979     
0010001300018U 020000000000000000000000000000000000000000000000000000000000000000000000000000000000000000000000000000000000000000000000003008201900000000            000000000000000                              000                           
00100015         000020000016000000000002184300000000000000000000000000000000000000000000000000000000000000000000000000000000000000000000000000000                                                                                              
00199999         000001000022000000                                                                                                                                                            00000000000000000000000000000                    
